<?xml version="1.0" encoding="utf-8"?>
<record xmlns="http://www.loc.gov/MARC21/slim" xmlns:xsi="http://www.w3.org/2001/XMLSchema-instance" xsi:schemaLocation="http://www.loc.gov/MARC21/slim http://www.loc.gov/standards/marcxml/schema/MARC21slim.xsd">
	<leader>     nam a22     Mi 4500</leader>
	<controlfield tag="001">6405</controlfield>
	<controlfield tag="003">aeadna</controlfield>
	<controlfield tag="006">m        d        </controlfield>
	<controlfield tag="007">cr cn |||m|||a</controlfield>
	<controlfield tag="008">220524s1840      00010fora da0 1 0dara u</controlfield>
	<datafield ind1=" " ind2=" " tag="040">
		<subfield code="a">ZYU</subfield>
		<subfield code="b">ara</subfield>
		<subfield code="c">ZYU</subfield>
	</datafield>
	<datafield ind1="0" ind2=" " tag="041">
		<subfield code="a"> fr</subfield>
	</datafield>
	<datafield ind1=" " ind2=" " tag="043">
		<subfield code="a">ma---</subfield>
	</datafield>
	<datafield ind1=" " ind2="4" tag="050">
		<subfield code="a">G93 </subfield>
		<subfield code="b">.A28 1840</subfield>
	</datafield>
	<datafield ind1="0" ind2=" " tag="100">
		<subfield code="a">أبو الفدا، عماد الدين اسماعيل،</subfield>
		<subfield code="d">1272-1331.</subfield>
	</datafield>
	<datafield ind1="1" ind2="0" tag="245">
		<subfield code="a">كتاب تقويم البلدان</subfield>
		<subfield code="h">[electronic resource] /</subfield>
		<subfield code="c">تأليف السلطان الملك المؤيد عماد الدين إسمعيل بن الملك الأفضل نورالدين علي بن جمال الدين محمود بن محمد بن عمر ابن شاهنشاه بن أيوب صاحب حماه؛ اعتنى بتصحيحة وطبعه رينود، والبارون ماك كوكين ديسلان</subfield>
	</datafield>
	<datafield ind1="1" ind2="5" tag="246">
		<subfield code="a">Géographie d'Aboulféda</subfield>
	</datafield>
	<datafield ind1="3" ind2="0" tag="246">
		<subfield code="a">تقويم البلدان</subfield>
	</datafield>
	<datafield ind1=" " ind2=" " tag="260">
		<subfield code="a">باريس :</subfield>
		<subfield code="b">دار الطباعة السلطانية،</subfield>
		<subfield code="c">1840م.</subfield>
	</datafield>
	<datafield ind1=" " ind2=" " tag="300">
		<subfield code="a">online resource (47، 581 ص.؛)</subfield>
	</datafield>
	<datafield ind1=" " ind2=" " tag="500">
		<subfield code="a">&quot;طبع في مدينة باريس المحروسة بدار الطباعة السلطانية سنة 1840 مسيحية&quot;</subfield>
	</datafield>
	<datafield ind1=" " ind2=" " tag="500">
		<subfield code="a">صفحة عنوان إضافية.: Géographie d'Aboulféda.</subfield>
	</datafield>
	<datafield ind1=" " ind2=" " tag="500">
		<subfield code="a">خلف صفحة العنوان قصيدة من نظم شرف الدين الحسين بن ربّان، اوّلها :      كتاب بديع وَضْعثهُ واختراعه      وابداعه قد فاق تأليفه الكُتبا</subfield>
	</datafield>
	<datafield ind1=" " ind2=" " tag="500">
		<subfield code="a">يبدأ الكتاب بالبسملة والحمد لله، ثم يبدأ بذكر الموضوع ، بقوله: &quot; وبعد، فإني لما طالعت الكتب المؤلفة في البلاد ونواحي الرض من الجبال والبحار وغيرها لم أجد فيها كتابًا موفيًا بغرضي ؛ فمن الكتب التي وقفت عليها في هذا الفن كتاب ابن حوقل، وهو كتاب مطول ذكر فيه صفات البلاد ....&quot; يتناول الكتاب أسماء البلدان وصفاتها ولكن بدون ذكر لخطوط الطول أو العرض، فصار أغلب هذه المدن مجهولة.</subfield>
	</datafield>
	<datafield ind1=" " ind2=" " tag="500">
		<subfield code="a">وردت على صفحة العنوان عبارة: &quot;طبع في مدينة باريس المحروسة بدار الطباعة السلطانية سنة 1840 مسيحية&quot;.</subfield>
	</datafield>
	<datafield ind1=" " ind2=" " tag="500">
		<subfield code="a">عنوان ومقدمة باللغة الفرسية والنص باللغة العربية</subfield>
	</datafield>
	<datafield ind1=" " ind2=" " tag="500">
		<subfield code="a">تجليد فني - حالة الكتاب جيدة جدًا. وظهر على غلاف النسخة الثانية من الكتاب العنوان من الخلف باللغة الفرنسية.</subfield>
	</datafield>
	<datafield ind1=" " ind2=" " tag="500">
		<subfield code="a">ظهر على غلاف النسخة الثانية من الكتاب: &quot; يطلب من مكتبة المثنى ومؤسسة الخانجي مصر</subfield>
	</datafield>
	<datafield ind1=" " ind2=" " tag="500">
		<subfield code="a"> أبو الفداء هو إسماعيل بن علي بن محمود بن محمد بن عمر بن شاهنشاه بن أيوب ويطلق عليه ملك أو صاحب حماة في سوريا، عماد الدين، الملك العالم، الملك المؤيد، مؤرخ جغرافي، قرأ التاريخ والأدب وأصول الدين، واطلع على كتب كثيرة في الفلسفة والطب، وعلم الهيأة ونظم الشعر وليس بشاعر - وأجاد الموشحات. (672 - 732 هـ / 1273 - 1331 م).</subfield>
	</datafield>
	<datafield ind1=" " ind2=" " tag="500">
		<subfield code="a">Part of the Arabic Collections Online (ACO) project, contributed by United Arab Emirates National Archives.</subfield>
	</datafield>
	<datafield ind1=" " ind2=" " tag="520">
		<subfield code="a">يتناول الكتاب أسماء البلدان وصفاتها ولكن بدون ذكر لخطوط الطول أو العرض، فصار أغلب هذه المدن مجهولة. سجل فيه أبو الفداء كل مشاهداته في رحلاته إلى البلدان التي كان يكلفها من قبل السلطان المملوكي، مع إضافة ما ذكره قبله الرحالة والجغرافيون العرب. ويتسم الكتاب بغزارة المادة الجغرافية وتوفر الرسوم التوضيحية، ويقع في جزأين ومعظمه جغرافيا وصفية. وهو أول من اتبع نظام الجداول في علم الجغرافيا متأثرا بأسلوب الطبيب ابن جزلة، وحوت الجداول أسماء الأماكن لطول الأقاليم وعرضها مع وصف لها. وبنى فيه تقسيم البلدان على أساس المناطق الجغرافية وليس الأقاليم الفلكية (الجغرافية والرياضية) التي لم يهملها في كتابه، وحاول تعيين مواقع أهم المدن العربية والعالمية حسب مواقعها على خطوط الطول والعرض.  وقد أشار ابو الفداء إلى مصادر مواده بدقة (كالإصطخري وابن حوقل والبيروني والإدريسي وياقوت الحموي وغيرهم ). ويعتبر من أهم ما كتبه أبو الفداء عن عاصمة ملكه حماة، وقد أتمه سنة 721هـ واستمر في تنقيحه بقية حياته. اشتهر هذا الكتاب في أوربا شهرة قصة ألف ليلة وليلة، ولقي رواجًا مماثلًا لدى الأتراك والإيرانيين. وقد تناول العلامة التركي سباهي زاده كتاب أبي الفداء بإعادة الصياغة وترجم مقتطفات منه الى التركية، وقلد الجغرافي التركي محمد عاشق الكتاب وأعطاه عنوان (مناظر العالم ). ونشره المستشرقان رينو ودوسلان، وقال عنه سارتر: «إن أبا الفداء كان أعظم مؤرخ وجغرافي في ذلك العصر على اختلاف الأوطان والأديان&quot;.</subfield>
	</datafield>
	<datafield ind1=" " ind2=" " tag="533">
		<subfield code="a">Electronic reproduction.</subfield>
		<subfield code="b">New York, N.Y. :</subfield>
		<subfield code="c">New York University,</subfield>
		<subfield code="d">2022.</subfield>
		<subfield code="5">NNU</subfield>
	</datafield>
	<datafield ind1=" " ind2=" " tag="546">
		<subfield code="a">باللغتين العربية والفرنسية</subfield>
	</datafield>
	<datafield ind1=" " ind2="4" tag="650">
		<subfield code="a">الجغرافيا</subfield>
		<subfield code="y">العصور الوسطى.</subfield>
	</datafield>
	<datafield ind1=" " ind2="4" tag="650">
		<subfield code="a">الجغرافيا</subfield>
		<subfield code="y">القرن ال13</subfield>
	</datafield>
	<datafield ind1=" " ind2="4" tag="650">
		<subfield code="a">الجغرافيا</subfield>
		<subfield code="y">القرن ال14</subfield>
	</datafield>
	<datafield ind1=" " ind2="4" tag="650">
		<subfield code="a">تقاويم البلدان</subfield>
	</datafield>
	<datafield ind1=" " ind2="4" tag="651">
		<subfield code="a">العالم</subfield>
		<subfield code="x">وصف ورحلات</subfield>
	</datafield>
	<datafield ind1=" " ind2="4" tag="651">
		<subfield code="a">العالم الإسلامي</subfield>
		<subfield code="x">وصف ورحلات</subfield>
	</datafield>
	<datafield ind1=" " ind2="4" tag="651">
		<subfield code="a">العالم</subfield>
		<subfield code="v">تقاويم البلدان</subfield>
	</datafield>
	<datafield ind1="1" ind2=" " tag="700">
		<subfield code="a">رينود، جوزيف توسينت، 1795- 1867</subfield>
		<subfield code="e">مصحح</subfield>
	</datafield>
	<datafield ind1="1" ind2=" " tag="700">
		<subfield code="a">ديسلان، ماك كويكن</subfield>
		<subfield code="e">مصحح</subfield>
	</datafield>
	<datafield ind1="2" ind2=" " tag="710">
		<subfield code="a">Abu Dhabi (United Arab Emirates).</subfield>
		<subfield code="b">National Archives.</subfield>
	</datafield>
	<datafield ind1="0" ind2=" " tag="730">
		<subfield code="a">Arabic Collections Online.</subfield>
	</datafield>
	<datafield ind1="0" ind2=" " tag="740">
		<subfield code="a">تقويم البلدان</subfield>
	</datafield>
	<datafield ind1="0" ind2=" " tag="740">
		<subfield code="a"> Géographie d'Aboulféda.</subfield>
	</datafield>
	<datafield ind1="0" ind2="8" tag="776">
		<subfield code="i">Print version:</subfield>
		<subfield code="a">أبو الفدا، عماد الدين اسماعيل، 1272-1331.</subfield>
		<subfield code="t">كتاب تقويم البلدان</subfield>
		<subfield code="w">(aeadna)6405</subfield>
	</datafield>
	<datafield ind1="4" ind2="0" tag="856">
		<subfield code="u">http://hdl.handle.net/2333.1/bzkh1m6f</subfield>
	</datafield>
	<datafield ind1=" " ind2=" " tag="949">
		<subfield code="a">913.03 ص ا  DF  ت</subfield>
		<subfield code="w">DDC</subfield>
		<subfield code="i">30018000017124</subfield>
		<subfield code="u">07/09/2003</subfield>
		<subfield code="d">04/26/2010</subfield>
		<subfield code="n">0</subfield>
		<subfield code="t">Book</subfield>
		<subfield code="l">av</subfield>
		<subfield code="m">MAIN</subfield>
		<subfield code="x">RAR</subfield>
	</datafield>
	<datafield ind1=" " ind2=" " tag="949">
		<subfield code="a">913.03 ص ا  DF  ت</subfield>
		<subfield code="w">DDC</subfield>
		<subfield code="i">30018000010194</subfield>
		<subfield code="u">07/15/2003</subfield>
		<subfield code="d">04/26/2010</subfield>
		<subfield code="n">0</subfield>
		<subfield code="t">Book</subfield>
		<subfield code="l">av</subfield>
		<subfield code="m">MAIN</subfield>
		<subfield code="x">RAR</subfield>
	</datafield>
	<datafield ind1=" " ind2=" " tag="959">
		<subfield code="a">NNU</subfield>
		<subfield code="b">WEB</subfield>
		<subfield code="c">GENI</subfield>
		<subfield code="t">0</subfield>
		<subfield code="m">Electronic access</subfield>
		<subfield code="s">01</subfield>
	</datafield>
	<datafield ind1=" " ind2=" " tag="999">
		<subfield code="i">aeadna_6405</subfield>
		<subfield code="s">uaena_aco000097:1</subfield>
		<subfield code="e">(ERROR-880)(ERROR-MISC)</subfield>
	</datafield>
</record>
